<?xml version="1.0" encoding="UTF-8"?>
<record xmlns="http://www.loc.gov/MARC21/slim">
   <leader>01528cam a2200301   4500</leader>
   <controlfield tag="001">2767266</controlfield>
   <controlfield tag="003">NjP</controlfield>
   <controlfield tag="005">20190710152703.0</controlfield>
   <controlfield tag="008">931001m19631967su            000 0 arar </controlfield>
   <datafield tag="024" ind1="7" ind2=" ">
      <subfield code="a">princeton_aco003804</subfield>
      <subfield code="2">local</subfield>
   </datafield>
   <datafield ind1=" " ind2=" " tag="010">
      <subfield code="a">ne 68000644  </subfield>
   </datafield>
   <datafield ind1=" " ind2=" " tag="035">
      <subfield code="9">CNG3314TS</subfield>
   </datafield>
   <datafield ind1=" " ind2=" " tag="040">
      <subfield code="a">DLC</subfield>
      <subfield code="c">CUY</subfield>
      <subfield code="d">CUY</subfield>
      <subfield code="d">PUL</subfield>
   </datafield>
   <datafield ind1="0" ind2=" " tag="050">
      <subfield code="a">BP135.A158</subfield>
      <subfield code="b">M82</subfield>
   </datafield>
   <datafield ind1=" " ind2=" " tag="019">
      <subfield code="a">28925688</subfield>
      <subfield code="a">223218179</subfield>
   </datafield>
   <datafield ind1=" " ind2=" " tag="035">
      <subfield code="a">(OCoLC)ocm23499797</subfield>
      <subfield code="z">(OCoLC)ocm28925688</subfield>
      <subfield code="z">(OCoLC)ocn223218179</subfield>
   </datafield>
   <datafield ind1="1" ind2=" " tag="100">
      <subfield code="a">Mubārakfūrī, Muḥammad ʻAbd al-Raḥmān ibn ʻAbd al-Raḥīm,</subfield>
      <subfield code="d">1866 or 1867-1935.</subfield>
      <subfield code="0">http://id.loc.gov/authorities/names/nr2001030524</subfield>
   </datafield>
   <datafield ind1="0" ind2="0" tag="245">
      <subfield code="a">Tuḥfat al-aḥwadhī bi-sharḥ Jāmiʻ al-Tirmidhī,</subfield>
      <subfield code="c">li-Abī al-ʻAlī Muḥammad ʻAbd al-Raḥman ibn ʻAbd al-Raḥīm al-Mubārakfūrī. Ashraf alá murājʻah usūlihi wa-taṣḥīḥihi ʻAbd al-Wahāb ʻAbd al-Laṭīf.</subfield>
   </datafield>
   <datafield ind1=" " ind2=" " tag="250">
      <subfield code="a">[al-Ṭabah 2]</subfield>
   </datafield>
   <datafield ind1=" " ind2=" " tag="260">
      <subfield code="a">al-Madīnah al-Munawwarah :</subfield>
      <subfield code="b">al-Maktabah al-Salafīyah,</subfield>
      <subfield code="c">[1963-1967]</subfield>
   </datafield>
   <datafield ind1=" " ind2=" " tag="300">
      <subfield code="a">10 v.</subfield>
      <subfield code="c">24 cm.</subfield>
   </datafield>
   <datafield ind1=" " ind2=" " tag="500">
      <subfield code="a">Vols.2-10 edited by ʻAbd al-Raḥmān Muḥammad ʻUthmān.</subfield>
   </datafield>
   <datafield ind1=" " ind2=" " tag="500">
      <subfield code="a">Vols.9-10 lack edition statement.</subfield>
   </datafield>
   <datafield ind1=" " ind2="0" tag="650">
      <subfield code="a">Hadith</subfield>
      <subfield code="x">Criticism, interpretation, etc.</subfield>
      <subfield code="0">http://id.loc.gov/authorities/subjects/sh85058195</subfield>
   </datafield>
   <datafield ind1="1" ind2="1" tag="600">
      <subfield code="a">Tirmidhī, Muḥammad ibn ʻIsa,</subfield>
      <subfield code="d">d. 892.</subfield>
      <subfield code="t">al-Jamiʻ al-ṣaḥiḥ.</subfield>
   </datafield>
   <datafield ind1="2" ind2=" " tag="700">
      <subfield code="a">ʻAbd al-Laṭīf, ʻAbd al-Wahhāb.</subfield>
   </datafield>
   <datafield ind1="1" ind2=" " tag="700">
      <subfield code="a">ʻUthmān, ʻAbd al-Raḥmān Muḥammad.</subfield>
   </datafield>
   <datafield ind1=" " ind2=" " tag="945">
      <subfield code="a">F</subfield>
      <subfield code="b">1</subfield>
      <subfield code="c">2270.93.827.1963</subfield>
      <subfield code="e">v.1-10</subfield>
   </datafield>
   <datafield ind1=" " ind2=" " tag="911">
      <subfield code="a">20000130</subfield>
   </datafield>
   <datafield ind1="0" ind2="1" tag="852">
      <subfield code="0">3078084</subfield>
      <subfield code="b">rcppa</subfield>
      <subfield code="t">1</subfield>
      <subfield code="h">BP135.A158</subfield>
      <subfield code="i">M82 1963</subfield>
      <subfield code="x">tr fr nec</subfield>
   </datafield>
   <datafield ind1=" " ind2="0" tag="866">
      <subfield code="0">3078084</subfield>
      <subfield code="8">0</subfield>
      <subfield code="a">v.1-10</subfield>
   </datafield>
   <datafield ind1=" " ind2=" " tag="959">
      <subfield code="a">2000-06-13 00:00:00 -0400</subfield>
   </datafield>
</record>
